<record><leader>00000cas a2200000 a 4500</leader><controlfield tag="001">24367380</controlfield><controlfield tag="007">he amb024baca</controlfield><controlfield tag="008">910913d18451847ohusr neb     0    0eng c</controlfield><datafield ind1=" " ind2=" " tag="010"><subfield code="a">   00238910 </subfield></datafield><datafield ind1=" " ind2=" " tag="040"><subfield code="a">SHZ</subfield><subfield code="b">eng</subfield><subfield code="c">SHZ</subfield><subfield code="d">OCL</subfield><subfield code="d">SHZ</subfield><subfield code="d">IUL</subfield><subfield code="d">OCLCQ</subfield><subfield code="d">IUL</subfield><subfield code="d">OCLCF</subfield><subfield code="d">OCLCO</subfield><subfield code="d">OCLCQ</subfield></datafield><datafield ind1=" " ind2=" " tag="042"><subfield code="a">pcc</subfield></datafield><datafield ind1=" " ind2=" " tag="043"><subfield code="a">n-us-oh</subfield><subfield code="a">n-us-ny</subfield><subfield code="a">n-us-nh</subfield></datafield><datafield ind1=" " ind2="4" tag="050"><subfield code="a">BX9759</subfield><subfield code="b">.S324x no.P2, cards 4-8</subfield></datafield><datafield ind1="0" ind2=" " tag="130"><subfield code="a">Day-star (Cincinnati, Ohio)</subfield></datafield><datafield ind1="1" ind2="4" tag="245"><subfield code="a">The day-star.</subfield></datafield><datafield ind1=" " ind2=" " tag="260"><subfield code="a">Cincinnati :</subfield><subfield code="b">E. Jacobs,</subfield><subfield code="c">1845-1847.</subfield></datafield><datafield ind1=" " ind2=" " tag="300"><subfield code="a">9 volumes</subfield></datafield><datafield ind1=" " ind2=" " tag="310"><subfield code="a">Semimonthly,</subfield><subfield code="b">Aug. 8, 1846-July 1, 1847</subfield></datafield><datafield ind1=" " ind2=" " tag="321"><subfield code="a">Weekly,</subfield><subfield code="b">Feb. 18, 1845-June 27, 1846</subfield></datafield><datafield ind1=" " ind2=" " tag="336"><subfield code="a">text</subfield><subfield code="b">txt</subfield><subfield code="2">rdacontent</subfield></datafield><datafield ind1=" " ind2=" " tag="337"><subfield code="a">microform</subfield><subfield code="b">h</subfield><subfield code="2">rdamedia</subfield></datafield><datafield ind1=" " ind2=" " tag="338"><subfield code="a">microfiche</subfield><subfield code="b">he</subfield><subfield code="2">rdacarrier</subfield></datafield><datafield ind1="0" ind2=" " tag="362"><subfield code="a">Vol. 5, no. 1 (Feb. 18, 1845)-v. 13, no. 3 (July 1, 1847).</subfield></datafield><datafield ind1=" " ind2=" " tag="500"><subfield code="a">Published: New York, N.Y., Aug. 8-25, 1846; Shaker Village, N.H., Sept. 19, 1846; Union Village, Ohio, Nov. 7, 1846-July 1, 1847.</subfield></datafield><datafield ind1=" " ind2=" " tag="533"><subfield code="a">Microfiche.</subfield><subfield code="b">Glen Rock, N.J. :</subfield><subfield code="c">Microfilming Corporation of America,</subfield><subfield code="d">1976.</subfield><subfield code="e">5 microfiches.</subfield><subfield code="f">(Western Reserve Historical Society Shaker collection ; no. P2, cards 4-8).</subfield></datafield><datafield ind1="2" ind2="0" tag="610"><subfield code="a">Shakers</subfield><subfield code="v">Newspapers.</subfield></datafield><datafield ind1=" " ind2="0" tag="651"><subfield code="a">Cincinnati (Ohio)</subfield><subfield code="v">Newspapers.</subfield></datafield><datafield ind1=" " ind2="0" tag="651"><subfield code="a">New York (N.Y.)</subfield><subfield code="v">Newspapers.</subfield></datafield><datafield ind1=" " ind2="0" tag="651"><subfield code="a">Shaker Village (N.H.)</subfield><subfield code="v">Newspapers.</subfield></datafield><datafield ind1=" " ind2="0" tag="651"><subfield code="a">Otterbein (Warren County, Ohio)</subfield><subfield code="v">Newspapers.</subfield></datafield><datafield ind1="2" ind2="7" tag="610"><subfield code="a">Shakers.</subfield><subfield code="2">fast</subfield><subfield code="0">(OCoLC)fst00536297</subfield></datafield><datafield ind1=" " ind2="7" tag="651"><subfield code="a">New Hampshire</subfield><subfield code="z">Shaker Village.</subfield><subfield code="2">fast</subfield><subfield code="0">(OCoLC)fst01257611</subfield></datafield><datafield ind1=" " ind2="7" tag="651"><subfield code="a">New York (State)</subfield><subfield code="z">New York.</subfield><subfield code="2">fast</subfield><subfield code="0">(OCoLC)fst01204333</subfield></datafield><datafield ind1=" " ind2="7" tag="651"><subfield code="a">Ohio</subfield><subfield code="z">Cincinnati.</subfield><subfield code="2">fast</subfield><subfield code="0">(OCoLC)fst01205142</subfield></datafield><datafield ind1=" " ind2="7" tag="651"><subfield code="a">Ohio</subfield><subfield code="z">Otterbein (Warren County)</subfield><subfield code="2">fast</subfield><subfield code="0">(OCoLC)fst01326951</subfield></datafield><datafield ind1=" " ind2="7" tag="655"><subfield code="a">Newspapers.</subfield><subfield code="2">fast</subfield><subfield code="0">(OCoLC)fst01423814</subfield></datafield><datafield ind1=" " ind2=" " tag="752"><subfield code="a">United States</subfield><subfield code="b">Ohio</subfield><subfield code="c">Hamilton</subfield><subfield code="d">Cincinnati.</subfield></datafield><datafield ind1=" " ind2=" " tag="752"><subfield code="a">United States</subfield><subfield code="b">New York</subfield><subfield code="c">New York</subfield><subfield code="d">New York.</subfield></datafield><datafield ind1=" " ind2=" " tag="752"><subfield code="a">United States</subfield><subfield code="b">New Hampshire</subfield><subfield code="c">Merrimack</subfield><subfield code="d">Shaker Village.</subfield></datafield><datafield ind1=" " ind2=" " tag="752"><subfield code="a">United States</subfield><subfield code="b">Ohio</subfield><subfield code="c">Warren</subfield><subfield code="d">Union Village.</subfield></datafield><datafield ind1=" " ind2=" " tag="752"><subfield code="a">United States.</subfield><subfield code="b">Ohio</subfield><subfield code="c">Warren</subfield><subfield code="d">Otterbein.</subfield></datafield><datafield ind1="1" ind2=" " tag="776"><subfield code="c">Original</subfield><subfield code="w">(DLC)sn 91069573</subfield><subfield code="w">(OCoLC)23378135</subfield></datafield><datafield ind1="0" ind2="0" tag="780"><subfield code="t">Western midnight cry</subfield><subfield code="w">(DLC)   00238909</subfield><subfield code="w">(OCoLC)24510770</subfield></datafield><datafield ind1=" " ind2="0" tag="830"><subfield code="a">Western Reserve Historical Society Shaker collection ;</subfield><subfield code="v">no. P2, cards 4-8.</subfield></datafield><datafield ind1="1" ind2=" " tag="029"><subfield code="a">AU@</subfield><subfield code="b">000022106838</subfield></datafield></record>